@book{React2019,
author = {Hartmann, Nils and Zeigermann, Oliver},
edition = {2},
isbn = {978-3-86490-552-0},
address = {Heidelberg},
publisher = {dpunkt.verlag},
title = {{React: Grundlagen, fortgeschrittene Techniken und Praxistipps – mit TypeScript und Redux}},
year = {2019}
}




@book{ME12,
author = {Musterfrau, Erika and Exempelmann, Max},
edition = {5},
isbn = {978-123-45678},
address = {Wiesbaden},
publisher = {Wissenschaftstestverlag},
title = {{Zitationen am Beispiel}},
year = {2012}
}

@article{TD15,
	author = {Testhansel, Heribert and Demofrau, Marita},
	title = {Das Testen von Artikeln},
	journaltitle = {Int. Journal of Testing},
	year={2015},
	series = {Lecture Notes},
	volume = {5},
	number = {2},
	issue = {42},
	pages = {111--222},
	publisher = {Elsedrei},
	doi = {10/1234.2345}
}

@online{TestOnlineQuelle,
	author = {{Borchers, Detlef}},
	title = {Elektronische Unterschrift: Bundesregierung reformiert Schriftformerfordernis},
	date = {2015-01-02},
	url = {http://m.heise.de/newsticker/meldung/Elektronische-Unterschrift-Bundesregierung-reformiert-Schriftformerfordernis-3259140.html},
	urldate = {2016-01-01},
}

@misc{DIN69901-1,
	title = {{DIN 69901-2}},
	date = {2010},
	subtitle = {Prozesse, Prozessmodell},
	organization = {{Deutsches Institut für Normung}}
}
